<?xml version="1.0" encoding="UTF-8"?><collection xmlns="http://www.loc.gov/MARC21/slim"><record><leader>00533nam--2200193-u-4500</leader><controlfield tag="001">000054266</controlfield><controlfield tag="002">20161230</controlfield><controlfield tag="005">20161230201051</controlfield><controlfield tag="008">111101s1000------------r-----000-0-rus-d</controlfield><datafield ind1=" " ind2=" " tag="040"><subfield code="a">IFIN-HH</subfield></datafield><datafield ind1=" " ind2=" " tag="041"><subfield code="a">rus</subfield></datafield><datafield ind1=" " ind2=" " tag="080"><subfield code="a">539.166</subfield></datafield><datafield ind1="1" ind2=" " tag="100"><subfield code="a">Leipunskii, O.I</subfield></datafield><datafield ind1="1" ind2="0" tag="245"><subfield code="a">Rasprostranenie gamma-kvantov v vesestve</subfield><subfield code="c">O.i. leipunskii, b.v. novojilov, v.n. saharov</subfield></datafield><datafield ind1=" " ind2=" " tag="260"><subfield code="a">Moskva</subfield><subfield code="b">Fiziko-matematiceskoi Literaturi</subfield><subfield code="c">1960</subfield></datafield><datafield ind1=" " ind2=" " tag="300"><subfield code="a">208P</subfield></datafield><datafield ind1="1" ind2=" " tag="700"><subfield code="a">Saharov, V.N</subfield></datafield><datafield ind1=" " ind2=" " tag="852"><subfield code="a">7575</subfield><subfield code="c">539.12</subfield></datafield><datafield ind1=" " ind2=" " tag="CAT"><subfield code="a">Sys</subfield><subfield code="c">20111101</subfield><subfield code="h">161533</subfield></datafield></record></collection>